@misc{xsampaWikipedia,
  title = {X-SAMPA},
  howpublished = {\url{https://en.wikipedia.org/wiki/X-SAMPA}},
  note = {Zugriffsdatum: 14.08.2022},
}

@misc{noNoSleepStill,
  title = {Standbild aus Tsai Ming-Liangs Film \emph{No No Sleep}},
  howpublished = {\url{https://www2.bfi.org.uk/sites/bfi.org.uk/files/styles/full/public/image/no-no-sleep-2015-001-walker.jpg}},
  note = {Zugriffsdatum: 22.03.2021},
}

@misc{newYorkTimes,
  title = {The Composers Of Quiet},
  howpublished = {\url{https://www.newyorker.com/magazine/2016/09/05/silence-overtakes-sound-for-the-wandelweiser-collective}},
  note = {Zugriffsdatum: 22.03.2021},
}

@misc{eulerProgramNote,
  title = {Programmtext im Vorwort der Partitur von Euler Lattice Spirals Scenery},
  author={Marc Sabat},
  howpublished = {\url{https://marsbat.space/pdfs/Euler.pdf}},
  note = {Zugriffsdatum: 21.09.2020},
}

@misc{HEnotation,
  title = {The Extended Helmholtz-Ellis JI Pitch Notation},
  author={Marc Sabat und Wolfgang von Schweinitz},
  howpublished = {\url{https://marsbat.space/pdfs/notation.pdf}},
  note = {Zugriffsdatum: 22.09.2020},
}

@misc{fundamentalPrinciplesOfJI,
  title = {Fundamental Principles of Just Intonation and Microtonal Composition},
  author={Thomas Nicholson und Marc Sabat},
  howpublished = {\url{https://marsbat.space/pdfs/JI.pdf}},
  note = {Zugriffsdatum: 22.09.2020},
}

@article{musiktexte_sabat_2019,
    title={Relative Dissonanz},
    volume={163},
    journal={MusikTexte},
    author={Marc Sabat},
    year={2019},
    month={Nov},
    pages={61–68}}

@article{positionen_sabat_2011,
    title={Still Stehn},
    volume={89},
    journal={Positionen},
    author={Marc Sabat},
    year={2011},
    month={Nov},
    pages={15–16}}

@inbook{tenneyPitch,
   author    = {James Tenney},
   title     = {The Several Dimensions of Pitch},
   booktitle = {The Ratio Book},
   year      = "1999",
   publisher = "Clarence Barlow",
   address   = "Royal Conservatory The Hague",
   pages     = "102--116"
   }
